@inproceedings{Klein2009,
archivePrefix = {arXiv},
arxivId = {arXiv:1407.5736v1},
author = {Klein, Georg and Murray, David},
booktitle = {Science and Technology Proceedings - IEEE 2009 International Symposium on Mixed and Augmented Reality, ISMAR 2009},
doi = {10.1109/ISMAR.2009.5336495},
eprint = {arXiv:1407.5736v1},
file = {:E$\backslash$:/Documents/国创调研论文/klein{\_}murray{\_}ismar2009.pdf:pdf},
isbn = {9781424453900},
issn = {15534014},
pages = {83--86},
pmid = {18717641},
title = {{Parallel tracking and mapping on a camera phone}},
year = {2009}
}

@article{Klein2007,
archivePrefix = {arXiv},
arxivId = {arXiv:1407.5736v1},
author = {Klein, Georg and Murray, David},
doi = {10.1109/ISMAR.2007.4538852},
eprint = {arXiv:1407.5736v1},
file = {:E$\backslash$:/Documents/Unclassified/Klein, Murray - 2007 - Parallel tracking and mapping for small AR workspaces(2).pdf:pdf},
isbn = {9781424417506},
issn = {00472778},
journal = {2007 6th IEEE and ACM International Symposium on Mixed and Augmented Reality, ISMAR},
pmid = {21736739},
title = {{Parallel tracking and mapping for small AR workspaces}},
year = {2007}
}

@article{Rosten2006,

author = {Rosten, Edward and Drummond, Tom},
doi = {10.1007/11744023_34},
file = {:E$\backslash$:/Documents/Unclassified/Rosten, Drummond - 2006 - Machine learning for high-speed corner detection.pdf:pdf},
isbn = {3540338322},
issn = {16113349},
journal = {Lecture Notes in Computer Science (including subseries Lecture Notes in Artificial Intelligence and Lecture Notes in Bioinformatics)},
pages = {430--443},
pmid = {18684738},
title = {{Machine learning for high-speed corner detection}},
volume = {3951 LNCS},
year = {2006}
}


@Book{Hartley2004,
    author = "Hartley, R.~I. and Zisserman, A.",
    title = "Multiple View Geometry in Computer Vision",
    edition = "Second",
    year = "2004",
    publisher = "Cambridge University Press, ISBN: 0521540518"
} 

